@ARTICLE{CASA,
       author = {{CASA Team} and {Bean}, Ben and {Bhatnagar}, Sanjay and {Castro}, Sandra and {Donovan Meyer}, Jennifer and {Emonts}, Bjorn and {Garcia}, Enrique and {Garwood}, Robert and {Golap}, Kumar and {Gonzalez Villalba}, Justo and {Harris}, Pamela and {Hayashi}, Yohei and {Hoskins}, Josh and {Hsieh}, Mingyu and {Jagannathan}, Preshanth and {Kawasaki}, Wataru and {Keimpema}, Aard and {Kettenis}, Mark and {Lopez}, Jorge and {Marvil}, Joshua and {Masters}, Joseph and {McNichols}, Andrew and {Mehringer}, David and {Miel}, Renaud and {Moellenbrock}, George and {Montesino}, Federico and {Nakazato}, Takeshi and {Ott}, Juergen and {Petry}, Dirk and {Pokorny}, Martin and {Raba}, Ryan and {Rau}, Urvashi and {Schiebel}, Darrell and {Schweighart}, Neal and {Sekhar}, Srikrishna and {Shimada}, Kazuhiko and {Small}, Des and {Steeb}, Jan-Willem and {Sugimoto}, Kanako and {Suoranta}, Ville and {Tsutsumi}, Takahiro and {van Bemmel}, Ilse M. and {Verkouter}, Marjolein and {Wells}, Akeem and {Xiong}, Wei and {Szomoru}, Arpad and {Griffith}, Morgan and {Glendenning}, Brian and {Kern}, Jeff},
        title = "{CASA, the Common Astronomy Software Applications for Radio Astronomy}",
      journal = {\pasp},
     keywords = {Single-dish antennas, Aperture synthesis, Radio astronomy, Radio interferometry, Long baseline interferometry, Astronomy software, Open source software, Software documentation, Astronomy data reduction, Astronomy data analysis, 1460, 53, 1338, 1346, 932, 1855, 1866, 1869, 1861, 1858, Astrophysics - Instrumentation and Methods for Astrophysics, Astrophysics - Astrophysics of Galaxies, Astrophysics - High Energy Astrophysical Phenomena, Astrophysics - Solar and Stellar Astrophysics},
         year = 2022,
        month = nov,
       volume = {134},
       number = {1041},
          eid = {114501},
        pages = {114501},
          doi = {10.1088/1538-3873/ac9642},
archivePrefix = {arXiv},
       eprint = {2210.02276},
 primaryClass = {astro-ph.IM},
       adsurl = {https://ui.adsabs.harvard.edu/abs/2022PASP..134k4501C},
      adsnote = {Provided by the SAO/NASA Astrophysics Data System}
}

@ARTICLE{Oberg2021_MAPS,
       author = {{{\"O}berg}, Karin I. and {Guzm{\'a}n}, Viviana V. and {Walsh}, Catherine and {Aikawa}, Yuri and {Bergin}, Edwin A. and {Law}, Charles J. and {Loomis}, Ryan A. and {Alarc{\'o}n}, Felipe and {Andrews}, Sean M. and {Bae}, Jaehan and {Bergner}, Jennifer B. and {Boehler}, Yann and {Booth}, Alice S. and {Bosman}, Arthur D. and {Calahan}, Jenny K. and {Cataldi}, Gianni and {Cleeves}, L. Ilsedore and {Czekala}, Ian and {Furuya}, Kenji and {Huang}, Jane and {Ilee}, John D. and {Kurtovic}, Nicolas T. and {Le Gal}, Romane and {Liu}, Yao and {Long}, Feng and {M{\'e}nard}, Fran{\c{c}}ois and {Nomura}, Hideko and {P{\'e}rez}, Laura M. and {Qi}, Chunhua and {Schwarz}, Kamber R. and {Sierra}, Anibal and {Teague}, Richard and {Tsukagoshi}, Takashi and {Yamato}, Yoshihide and {van't Hoff}, Merel L.~R. and {Waggoner}, Abygail R. and {Wilner}, David J. and {Zhang}, Ke},
        title = "{Molecules with ALMA at Planet-forming Scales (MAPS). I. Program Overview and Highlights}",
      journal = {\apjs},
     keywords = {Astrochemistry, Protoplanetary disks, Planet formation, Astrobiology, Millimeter astronomy, Submillimeter astronomy, 75, 1300, 1241, 74, 1061, 1647, Astrophysics - Earth and Planetary Astrophysics, Astrophysics - Astrophysics of Galaxies, Astrophysics - Instrumentation and Methods for Astrophysics, Astrophysics - Solar and Stellar Astrophysics},
         year = 2021,
        month = nov,
       volume = {257},
       number = {1},
          eid = {1},
        pages = {1},
          doi = {10.3847/1538-4365/ac1432},
archivePrefix = {arXiv},
       eprint = {2109.06268},
 primaryClass = {astro-ph.EP},
       adsurl = {https://ui.adsabs.harvard.edu/abs/2021ApJS..257....1O},
      adsnote = {Provided by the SAO/NASA Astrophysics Data System}
}

@ARTICLE{Andrews2018,
       author = {{Andrews}, Sean M. and {Huang}, Jane and {P{\'e}rez}, Laura M. and {Isella}, Andrea and {Dullemond}, Cornelis P. and {Kurtovic}, Nicol{\'a}s T. and {Guzm{\'a}n}, Viviana V. and {Carpenter}, John M. and {Wilner}, David J. and {Zhang}, Shangjia and {Zhu}, Zhaohuan and {Birnstiel}, Tilman and {Bai}, Xue-Ning and {Benisty}, Myriam and {Hughes}, A. Meredith and {{\"O}berg}, Karin I. and {Ricci}, Luca},
        title = "{The Disk Substructures at High Angular Resolution Project (DSHARP). I. Motivation, Sample, Calibration, and Overview}",
      journal = {\apjl},
     keywords = {circumstellar matter, planets and satellites: formation, protoplanetary disks, Astrophysics - Solar and Stellar Astrophysics, Astrophysics - Earth and Planetary Astrophysics},
         year = 2018,
        month = dec,
       volume = {869},
       number = {2},
          eid = {L41},
        pages = {L41},
          doi = {10.3847/2041-8213/aaf741},
archivePrefix = {arXiv},
       eprint = {1812.04040},
 primaryClass = {astro-ph.SR},
       adsurl = {https://ui.adsabs.harvard.edu/abs/2018ApJ...869L..41A},
      adsnote = {Provided by the SAO/NASA Astrophysics Data System}
}

@ARTICLE{Ohashi2023,
       author = {{Ohashi}, Nagayoshi and {Tobin}, John J. and {J{\o}rgensen}, Jes K. and {Takakuwa}, Shigehisa and {Sheehan}, Patrick and {Aikawa}, Yuri and {Li}, Zhi-Yun and {Looney}, Leslie W. and {Williams}, Jonathan P. and {Aso}, Yusuke and {Sharma}, Rajeeb and {Sai}, Jinshi (Insa Choi) and {Yamato}, Yoshihide and {Lee}, Jeong-Eun and {Tomida}, Kengo and {Yen}, Hsi-Wei and {Encalada}, Frankie J. and {Flores}, Christian and {Gavino}, Sacha and {Kido}, Miyu and {Han}, Ilseung and {Lin}, Zhe-Yu Daniel and {Narayanan}, Suchitra and {Phuong}, Nguyen Thi and {Santamar{\'\i}a-Miranda}, Alejandro and {Thieme}, Travis J. and {van't Hoff}, Merel L.~R. and {de Gregorio-Monsalvo}, Itziar and {Koch}, Patrick M. and {Kwon}, Woojin and {Lai}, Shih-Ping and {Lee}, Chang Won and {Plunkett}, Adele and {Saigo}, Kazuya and {Hirano}, Shingo and {Lam}, Ka Ho and {Mori}, Shoji},
        title = "{Early Planet Formation in Embedded Disks (eDisk). I. Overview of the Program and First Results}",
      journal = {\apj},
     keywords = {Protoplanetary disks, Planetary system formation, Protostars, Submillimeter astronomy, 1300, 1257, 1302, 1647, Astrophysics - Earth and Planetary Astrophysics, Astrophysics - Solar and Stellar Astrophysics},
         year = 2023,
        month = jul,
       volume = {951},
       number = {1},
          eid = {8},
        pages = {8},
          doi = {10.3847/1538-4357/acd384},
archivePrefix = {arXiv},
       eprint = {2306.15406},
 primaryClass = {astro-ph.EP},
       adsurl = {https://ui.adsabs.harvard.edu/abs/2023ApJ...951....8O},
      adsnote = {Provided by the SAO/NASA Astrophysics Data System}
}

@ARTICLE{Bergin2016,
       author = {{Bergin}, Edwin A. and {Du}, Fujun and {Cleeves}, L. Ilsedore and {Blake}, G.~A. and {Schwarz}, K. and {Visser}, R. and {Zhang}, K.},
        title = "{Hydrocarbon Emission Rings in Protoplanetary Disks Induced by Dust Evolution}",
      journal = {\apj},
     keywords = {astrochemistry, circumstellar matter, molecular processes, planet{\textendash}disk interactions, planetary systems, planets and satellites: atmospheres, Astrophysics - Earth and Planetary Astrophysics},
         year = 2016,
        month = nov,
       volume = {831},
       number = {1},
          eid = {101},
        pages = {101},
          doi = {10.3847/0004-637X/831/1/101},
archivePrefix = {arXiv},
       eprint = {1609.06337},
 primaryClass = {astro-ph.EP},
       adsurl = {https://ui.adsabs.harvard.edu/abs/2016ApJ...831..101B},
      adsnote = {Provided by the SAO/NASA Astrophysics Data System}
}

@ARTICLE{Bergin2024,
       author = {{Bergin}, Edwin A. and {Bosman}, Arthur and {Teague}, Richard and {Calahan}, Jenny and {Willacy}, Karen and {Cleeves}, L. Ilsedore and {Schwarz}, Kamber and {Zhang}, Ke and {Bruderer}, Simon},
        title = "{The Carbon Isotopic Ratio and Planet Formation}",
      journal = {\apj},
     keywords = {Protoplanetary disks, 1300, Astrophysics - Earth and Planetary Astrophysics, Astrophysics - Solar and Stellar Astrophysics},
         year = 2024,
        month = apr,
       volume = {965},
       number = {2},
          eid = {147},
        pages = {147},
          doi = {10.3847/1538-4357/ad3443},
archivePrefix = {arXiv},
       eprint = {2403.09739},
 primaryClass = {astro-ph.EP},
       adsurl = {https://ui.adsabs.harvard.edu/abs/2024ApJ...965..147B},
      adsnote = {Provided by the SAO/NASA Astrophysics Data System}
}

